<record><leader>00000cas a22000007a 4500</leader><controlfield tag="001">13825386</controlfield><controlfield tag="008">860707d18981902njudn ne      0    0eng d</controlfield><datafield ind1=" " ind2=" " tag="010"><subfield code="a">sn 85035955 </subfield></datafield><datafield ind1=" " ind2=" " tag="040"><subfield code="a">NPA</subfield><subfield code="b">eng</subfield><subfield code="c">NPA</subfield><subfield code="d">OCLCQ</subfield></datafield><datafield ind1=" " ind2=" " tag="042"><subfield code="a">msc</subfield></datafield><datafield ind1="0" ind2=" " tag="130"><subfield code="a">Daily evening union (Atlantic City, N.J.)</subfield></datafield><datafield ind1="1" ind2="0" tag="245"><subfield code="a">Daily evening union.</subfield></datafield><datafield ind1="3" ind2="0" tag="246"><subfield code="a">Daily union</subfield></datafield><datafield ind1=" " ind2=" " tag="260"><subfield code="a">Atlantic City, N.J. :</subfield><subfield code="b">Daily Union Print. Co.</subfield></datafield><datafield ind1=" " ind2=" " tag="300"><subfield code="a">v. :</subfield><subfield code="b">ill. (chiefly advertisements) ;</subfield><subfield code="c">61 cm.</subfield></datafield><datafield ind1=" " ind2=" " tag="310"><subfield code="a">Daily (except Sun.)</subfield></datafield><datafield ind1="1" ind2=" " tag="362"><subfield code="a">Began with June 6, 1898 issue; ceased with Mar. 1, 1902 issue.</subfield><subfield code="z">Cf. Wright, W.C. and Stellhorn, P.A. Direct. of N.J. newspapers.</subfield></datafield><datafield ind1=" " ind2=" " tag="500"><subfield code="a">The word "evening" appears as part of the masthead device.</subfield></datafield><datafield ind1=" " ind2=" " tag="580"><subfield code="a">Continues: Daily union (Atlantic City, N.J. : 1888), and continued by: Evening union (Atlantic City, N.J.). Cf. Wright, W.C. and Stellhorn, P.A. Direct. of N.J. newspapers.</subfield></datafield><datafield ind1=" " ind2=" " tag="588"><subfield code="a">Description based on: Vol. 13, no. 59 (Nov. 9, 1900).</subfield></datafield><datafield ind1=" " ind2=" " tag="752"><subfield code="a">United States</subfield><subfield code="b">New Jersey</subfield><subfield code="c">Atlantic</subfield><subfield code="d">Atlantic City.</subfield></datafield><datafield ind1="1" ind2="0" tag="780"><subfield code="t">Daily union (Atlantic City, N.J. : 1888)</subfield><subfield code="w">(DLC)sn 85035954</subfield></datafield><datafield ind1="1" ind2="0" tag="785"><subfield code="t">Evening union (Atlantic City, N.J.)</subfield></datafield><datafield ind1="1" ind2=" " tag="029"><subfield code="a">AU@</subfield><subfield code="b">000025787541</subfield></datafield></record>